@Article{Feng2019,
  author    = {Yongxiang Feng and Liang Huang and Peng Zhao and Fei Liang and Wenhui Wang},
  journal   = {Analytical Chemistry},
  title     = {A Microfluidic Device Integrating Impedance Flow Cytometry and Electric Impedance Spectroscopy for High-Efficiency Single-Cell Electrical Property Measurement},
  year      = {2019},
  month     = {nov},
  number    = {23},
  pages     = {15204--15212},
  volume    = {91},
  doi       = {10.1021/acs.analchem.9b04083},
  file      = {:Feng2019 - A Microfluidic Device Integrating Impedance Flow Cytometry and Electric Impedance Spectroscopy for High Efficiency Single Cell Electrical Property Measurement.pdf:PDF},
  publisher = {American Chemical Society ({ACS})},
}

@Article{Kilic2022,
  author    = {Tugba Kilic and Young Kwan Cho and Naebong Jeong and Ik-Soo Shin and Bob S. Carter and Leonora Balaj and Ralph Weissleder and Hakho Lee},
  journal   = {{ACS} Central Science},
  title     = {Multielectrode Spectroscopy Enables Rapid and Sensitive Molecular Profiling of Extracellular Vesicles},
  year      = {2022},
  month     = {jan},
  number    = {1},
  pages     = {110--117},
  volume    = {8},
  doi       = {10.1021/acscentsci.1c01193},
  file      = {:Kilic2022 - Multielectrode Spectroscopy Enables Rapid and Sensitive Molecular Profiling of Extracellular Vesicles.pdf:PDF},
  publisher = {American Chemical Society ({ACS})},
}

@Article{Curto2018,
  author     = {V. F. Curto and M. P. Ferro and F. Mariani and E. Scavetta and R. M. Owens},
  journal    = {Lab on a Chip},
  title      = {A planar impedance sensor for 3D spheroids},
  year       = {2018},
  number     = {6},
  pages      = {933--943},
  volume     = {18},
  doi        = {10.1039/c8lc00067k},
  file       = {:Curto2018 - A Planar Impedance Sensor for 3D Spheroids.pdf:PDF},
  priority   = {prio2},
  publisher  = {Royal Society of Chemistry ({RSC})},
  readstatus = {read},
}

@Article{Gong2021,
  author     = {Lingyan Gong and Chayakorn Petchakup and Pujiang Shi and Pei Leng Tan and Lay Poh Tan and Chor Yong Tay and Han Wei Hou},
  journal    = {Small},
  title      = {Direct and Label-Free Cell Status Monitoring of Spheroids and Microcarriers Using Microfluidic Impedance Cytometry},
  year       = {2021},
  month      = {mar},
  number     = {21},
  pages      = {2007500},
  volume     = {17},
  doi        = {10.1002/smll.202007500},
  file       = {:Gong2021 - Direct and Label Free Cell Status Monitoring of Spheroids and Microcarriers Using Microfluidic Impedance Cytometry.pdf:PDF;:Gong2021 - Supporting Information.pdf:PDF},
  priority   = {prio1},
  publisher  = {Wiley},
  readstatus = {skimmed},
}

@Article{Gerasimenko2020,
  author    = {Tatiana Gerasimenko and Sergey Nikulin and Galina Zakharova and Andrey Poloznikov and Vladimir Petrov and Ancha Baranova and Alexander Tonevitsky},
  journal   = {Frontiers in Bioengineering and Biotechnology},
  title     = {Impedance Spectroscopy as a Tool for Monitoring Performance in 3D Models of Epithelial Tissues},
  year      = {2020},
  month     = {jan},
  volume    = {7},
  doi       = {10.3389/fbioe.2019.00474},
  file      = {:Gerasimenko2020 - Impedance Spectroscopy As a Tool for Monitoring Performance in 3D Models of Epithelial Tissues.pdf:PDF},
  publisher = {Frontiers Media {SA}},
}

@Article{Honrado2021,
  author    = {Carlos Honrado and Paolo Bisegna and Nathan S. Swami and Federica Caselli},
  journal   = {Lab on a Chip},
  title     = {Single-cell microfluidic impedance cytometry: from raw signals to cell phenotypes using data analytics},
  year      = {2021},
  number    = {1},
  pages     = {22--54},
  volume    = {21},
  doi       = {10.1039/d0lc00840k},
  file      = {:Honrado2021 - Single Cell Microfluidic Impedance Cytometry_ from Raw Signals to Cell Phenotypes Using Data Analytics.pdf:PDF},
  publisher = {Royal Society of Chemistry ({RSC})},
}

@Comment{jabref-meta: databaseType:bibtex;}
